@misc{Tedrake_2023, title={Robotic manipulation}, url={https://manipulation.csail.mit.edu/}, journal={Robotic Manipulation}, author={Tedrake, Russ}, year={2023}, month={Mar}} 

@article{Cheng_Shankar_Burdick_2020, title={Learning an optimal sampling distribution for efficient motion planning}, DOI={10.1109/iros45743.2020.9341245}, journal={2020 IEEE/RSJ International Conference on Intelligent Robots and Systems (IROS)}, author={Cheng, Richard and Shankar, Krishna and Burdick, Joel W.}, year={2020}} 

@article{Wang_Liu_Zhang_Lu_2020, title={Motion planning with pose constraints based on direct projection for anthropomorphic manipulators}, volume={8}, DOI={10.1109/access.2020.2970540}, journal={IEEE Access}, author={Wang, Jiangping and Liu, Shirong and Zhang, Botao and Lu, Qiang}, year={2020}, month={Jan}, pages={32518–32530}} 

@article{Xue_Ju_Xiang_Chen_Liu_2017, title={Multiple sensors based hand motion recognition using adaptive directed acyclic graph}, volume={7}, DOI={10.3390/app7040358}, number={4}, journal={Applied Sciences}, author={Xue, Yaxu and Ju, Zhaojie and Xiang, Kui and Chen, Jing and Liu, Honghai}, year={2017}, month={Apr}, pages={358}} 

@article{Yong_Yu_Fukuda_Tsujio_1999, title={Estimation of mass and center of mass of graspless and shape-unknown object}, DOI={10.1109/robot.1999.774036}, journal={Proceedings 1999 IEEE International Conference on Robotics and Automation (Cat. No.99CH36288C)}, author={Yong Yu and Fukuda, K. and Tsujio, S.}, year={1999}, month={May}} 

@article{Kanoulas_Lee_Caldwell_Tsagarakis_2018, title={Center-of-mass-based grasp pose adaptation using 3D range and force/torque sensing}, volume={15}, DOI={10.1142/s0219843618500135}, number={04}, journal={International Journal of Humanoid Robotics}, author={Kanoulas, Dimitrios and Lee, Jinoh and Caldwell, Darwin G. and Tsagarakis, Nikos G.}, year={2018}, month={Jan}, pages={1850013}} 

@article{Sundermeyer_Mousavian_Triebel_Fox_2021, title={Contact-graspnet: Efficient 6-dof grasp generation in cluttered scenes}, DOI={10.1109/icra48506.2021.9561877}, journal={2021 IEEE International Conference on Robotics and Automation (ICRA)}, author={Sundermeyer, Martin and Mousavian, Arsalan and Triebel, Rudolph and Fox, Dieter}, year={2021}} 

@article{Mousavian_Eppner_Fox_2019, title={6-DOF graspnet: Variational grasp generation for object manipulation}, DOI={10.1109/iccv.2019.00299}, journal={2019 IEEE/CVF International Conference on Computer Vision (ICCV)}, author={Mousavian, Arsalan and Eppner, Clemens and Fox, Dieter}, year={2019}, month={May}} 

@article{ten_Pas_Gualtieri_Saenko_Platt_2017, title={Grasp pose detection in point clouds}, volume={36}, DOI={10.1177/0278364917735594}, number={13–14}, journal={The International Journal of Robotics Research}, author={ten Pas, Andreas and Gualtieri, Marcus and Saenko, Kate and Platt, Robert}, year={2017}, pages={1455–1473}} 

@article{Eppner_Mousavian_Fox_2021, title={Acronym: A large-scale grasp dataset based on simulation}, DOI={10.1109/icra48506.2021.9560844}, journal={2021 IEEE International Conference on Robotics and Automation (ICRA)}, author={Eppner, Clemens and Mousavian, Arsalan and Fox, Dieter}, year={2021}} 

@inproceedings{Qi2017PointNetDH,
	title={PointNet++: Deep Hierarchical Feature Learning on Point Sets in a Metric Space},
	author={C. Qi and L. Yi and Hao Su and Leonidas J. Guibas},
	booktitle={NIPS},
	year={2017}
}

@misc{qin2022dexpoint,
	title={DexPoint: Generalizable Point Cloud Reinforcement Learning for Sim-to-Real Dexterous Manipulation}, 
	author={Yuzhe Qin and Binghao Huang and Zhao-Heng Yin and Hao Su and Xiaolong Wang},
	year={2022},
	eprint={2211.09423},
	archivePrefix={arXiv},
	primaryClass={cs.RO}
}

@misc{wan2017dense,
	title={Dense 3D Regression for Hand Pose Estimation}, 
	author={Chengde Wan and Thomas Probst and Luc Van Gool and Angela Yao},
	year={2017},
	eprint={1711.08996},
	archivePrefix={arXiv},
	primaryClass={cs.CV}
}

@misc{chang2015shapenet,
	title={ShapeNet: An Information-Rich 3D Model Repository}, 
	author={Angel X. Chang and Thomas Funkhouser and Leonidas Guibas and Pat Hanrahan and Qixing Huang and Zimo Li and Silvio Savarese and Manolis Savva and Shuran Song and Hao Su and Jianxiong Xiao and Li Yi and Fisher Yu},
	year={2015},
	eprint={1512.03012},
	archivePrefix={arXiv},
	primaryClass={cs.GR}
}

@article{DBLP:journals/corr/abs-2103-06252,
	author       = {Maximilian Haas{-}Heger},
	title        = {Grasp Stability Analysis with Passive Reactions},
	journal      = {CoRR},
	volume       = {abs/2103.06252},
	year         = {2021},
	url          = {https://arxiv.org/abs/2103.06252},
	eprinttype    = {arXiv},
	eprint       = {2103.06252},
	timestamp    = {Tue, 16 Mar 2021 11:26:59 +0100},
	biburl       = {https://dblp.org/rec/journals/corr/abs-2103-06252.bib},
	bibsource    = {dblp computer science bibliography, https://dblp.org}
}

@article{Dizioğlu_Lakshiminarayana_1984, title={Mechanics of form closure}, volume={52}, DOI={10.1007/bf01175968}, number={1–2}, journal={Acta Mechanica}, author={Dizioğlu, B. and Lakshiminarayana, K.}, year={1984}, pages={107–118}} 


@inproceedings{Wise2016FetchF,
	title={Fetch \& Freight : Standard Platforms for Service Robot Applications},
	author={Melonee Wise and Michael Ferguson and Daniel King and Eric Diehr and David Dymesich},
	year={2016}
}

@unpublished{iRos2023,
	author = "Jiaming Hu and Zhao Tang and Henrik I. Christensen",
	title  = "Multi-Modal Planning on Rearrangement for Stable Manipulation"
}

@INPROCEEDINGS{coppeliasim,
	author={E. {Rohmer} and S. P. N. {Singh} and M. {Freese}},
	booktitle={2013 IEEE/RSJ International Conference on Intelligent Robots and Systems}, 
	title={V-REP: A versatile and scalable robot simulation framework}, 
	year={2013},
	volume={},
	number={},
	pages={1321-1326},
	doi={10.1109/IROS.2013.6696520}
}

@misc{hinton2015distilling,
	title={Distilling the Knowledge in a Neural Network}, 
	author={Geoffrey Hinton and Oriol Vinyals and Jeff Dean},
	year={2015},
	eprint={1503.02531},
	archivePrefix={arXiv},
	primaryClass={stat.ML}
}
